@inproceedings {sporc,
author = {Ariel J. Feldman and William P. Zeller and Michael J. Freedman and Edward W. Felten},
title = {{SPORC}: Group Collaboration using Untrusted Cloud Resources},
booktitle = {9th USENIX Symposium on Operating Systems Design and Implementation (OSDI 10)},
year = {2010},
address = {Vancouver, BC},
url = {https://www.usenix.org/conference/osdi10/sporc-group-collaboration-using-untrusted-cloud-resources},
publisher = {USENIX Association},
month = oct,
}

@inproceedings {sundr,
author = {Jinyuan Li and Maxwell Krohn and David Mazi{\`e}res and Dennis Shasha},
title = {Secure Untrusted Data Repository ({{{{{SUNDR}}}}})},
booktitle = {6th Symposium on Operating Systems Design \& Implementation (OSDI 04)},
year = {2004},
address = {San Francisco, CA},
url = {https://www.usenix.org/conference/osdi-04/secure-untrusted-data-repository-sundr},
publisher = {USENIX Association},
month = dec,
}

@inproceedings {depot,
author = {Prince Mahajan and Srinath Setty and Sangmin Lee and Allen Clement and Lorenzo Alvisi and Mike Dahlin and Michael Walfish},
title = {Depot: Cloud Storage with Minimal Trust},
booktitle = {9th USENIX Symposium on Operating Systems Design and Implementation (OSDI 10)},
year = {2010},
address = {Vancouver, BC},
url = {https://www.usenix.org/conference/osdi10/depot-cloud-storage-minimal-trust},
publisher = {USENIX Association},
month = oct,
}

@inproceedings {mylar,
author = {Raluca Ada Popa and Emily Stark and Steven Valdez and Jonas Helfer and Nickolai Zeldovich and Hari Balakrishnan},
title = {Building Web Applications on Top of Encrypted Data Using Mylar},
booktitle = {11th USENIX Symposium on Networked Systems Design and Implementation (NSDI 14)},
year = {2014},
isbn = {978-1-931971-09-6},
address = {Seattle, WA},
pages = {157--172},
url = {https://www.usenix.org/conference/nsdi14/technical-sessions/presentation/popa},
publisher = {USENIX Association},
month = apr,
}

@inproceedings{cryptdb,
author = {Popa, Raluca Ada and Redfield, Catherine M. S. and Zeldovich, Nickolai and Balakrishnan, Hari},
title = {CryptDB: Protecting Confidentiality with Encrypted Query Processing},
year = {2011},
isbn = {9781450309776},
publisher = {Association for Computing Machinery},
address = {New York, NY, USA},
url = {https://doi.org/10.1145/2043556.2043566},
doi = {10.1145/2043556.2043566},
booktitle = {Proceedings of the Twenty-Third ACM Symposium on Operating Systems Principles},
pages = {85–100},
numpages = {16},
location = {Cascais, Portugal},
series = {SOSP '11}
}

@inproceedings{stadium,
author = {Tyagi, Nirvan and Gilad, Yossi and Leung, Derek and Zaharia, Matei and Zeldovich, Nickolai},
title = {Stadium: A Distributed Metadata-Private Messaging System},
year = {2017},
isbn = {9781450350853},
publisher = {Association for Computing Machinery},
address = {New York, NY, USA},
url = {https://doi.org/10.1145/3132747.3132783},
doi = {10.1145/3132747.3132783},
booktitle = {Proceedings of the 26th Symposium on Operating Systems Principles},
pages = {423–440},
numpages = {18},
keywords = {anonymous communication, differential privacy, verifiable shuffle, mixnet},
location = {Shanghai, China},
series = {SOSP '17}
}

@misc{signal,
title={{{Signal}}},
howpublished={\url{https://signal.org/}},
author={Signal Team},
year={2022},
note="[Online; accessed September-2022]",
}

@misc{whatsapp,
title={{{WhatsApp}}},
howpublished={\url{https://www.whatsapp.com/}},
author={WhatsApp Team},
year={2022},
note="[Online; accessed September-2022]",
}

@misc{matrix,
title={{{Matrix}}},
howpublished={\url{https://matrix.org/}},
author={Matrix Team},
year={2022},
note="[Online; accessed September-2022]",
}

@misc{firebase,
title={{{Firebase}}},
howpublished={\url{https://firebase.google.com/}},
author={Firebase Team},
year={2022},
note="[Online; accessed September-2022]",
}

@misc{whatsapp_adopt_signal,
title={{{Hacker Lexicon: What Is the Signal Encryption Protocol?}}},
howpublished={\url{https://www.wired.com/story/signal-encryption-protocol-hacker-lexicon/}},
author={Andy Greenberg},
year={2020},
note="[Online; accessed September-2022]",
}
